
@misc{airbnb_rio_kaggle,
  author = {Hazujaf},
  title = {Airbnb Price Prediction in Rio de Janeiro - Python},
  year = {2023},
  howpublished = {Kaggle Dataset},
  url = {https://www.kaggle.com/datasets/hazujaf/airbnb-price-prediction-in-rio-de-janeiro-python},
  note = {Accessed: 20.05.2025}
}

@inproceedings{crispdm2000,
  title={CRISP-DM 1.0: Step-by-step data mining guide},
  author={Peter Chapman},
  year={2000},
  url={https://api.semanticscholar.org/CorpusID:59777418}
}